@inproceedings{DBLP:conf/focs/HershbergerS01,
  author    = {John Hershberger and
               Subhash Suri},
  title     = {Vickrey Prices and Shortest Paths: What is an Edge Worth?},
  booktitle = {42nd {FOCS}},
  pages     = {252--259},
  year      = {2001},
}

@proceedings{DBLP:conf/focs/2001,
  title     = {42nd {FOCS} 2001,
               14-17 October 2001, Las Vegas, Nevada, {USA}},
  publisher = {{IEEE} Computer Society},
  year      = {2001},
  url       = {http://ieeexplore.ieee.org/xpl/mostRecentIssue.jsp?punumber=7601},
  isbn      = {0-7695-1390-5},
  timestamp = {Mon, 15 Dec 2014 18:48:44 +0100},
  biburl    = {https://dblp.org/rec/bib/conf/focs/2001},
  bibsource = {dblp computer science bibliography, https://dblp.org}
}



@inproceedings{DBLP:conf/stoc/NisanR99,
  author    = {Noam Nisan and
               Amir Ronen},
  title     = {Algorithmic Mechanism Design (Extended Abstract)},
  booktitle = {Proceedings of the Thirty-First Annual {ACM} Symposium on Theory of
               Computing, May 1-4, 1999, Atlanta, Georgia, {USA}},
  pages     = {129--140},
  year      = {1999},
  crossref  = {DBLP:conf/stoc/1999},
  url       = {http://doi.acm.org/10.1145/301250.301287},
  doi       = {10.1145/301250.301287},
  timestamp = {Thu, 16 Feb 2012 12:06:35 +0100},
  biburl    = {https://dblp.org/rec/bib/conf/stoc/NisanR99},
  bibsource = {dblp computer science bibliography, https://dblp.org}
}

@proceedings{DBLP:conf/stoc/1999,
  editor    = {Jeffrey Scott Vitter and
               Lawrence L. Larmore and
               Frank Thomson Leighton},
  title     = {Proceedings of the Thirty-First Annual {ACM} Symposium on Theory of
               Computing, May 1-4, 1999, Atlanta, Georgia, {USA}},
  publisher = {{ACM}},
  year      = {1999},
  isbn      = {1-58113-067-8},
  timestamp = {Mon, 17 Oct 2011 15:55:10 +0200},
  biburl    = {https://dblp.org/rec/bib/conf/stoc/1999},
  bibsource = {dblp computer science bibliography, https://dblp.org}
}



@article{DBLP:journals/algorithmica/Cabello12,
  author    = {Sergio Cabello},
  title     = {Many Distances in Planar Graphs},
  journal   = {Algorithmica},
  volume    = {62},
  number    = {1-2},
  pages     = {361--381},
  year      = {2012},
}

@inproceedings{DBLP:conf/soda/MozesS12,
  author    = {Shay Mozes and
               Christian Sommer},
  title     = {Exact distance oracles for planar graphs},
  booktitle = {23rd {SODA}},
  pages     = {209--222},
  year      = {2012},
}

@proceedings{DBLP:conf/soda/2012,
  editor    = {Yuval Rabani},
  title     = {23rd {SODA}},
  year      = {2012},
}



@inproceedings{DBLP:conf/stoc/ChenX00,
  author    = {Danny Z. Chen and
               Jinhui Xu},
  title     = {Shortest path queries in planar graphs},
  booktitle = {32nd {STOC}},
  pages     = {469--478},
  year      = {2000},
}

@proceedings{DBLP:conf/stoc/2000,
  editor    = {F. Frances Yao and
               Eugene M. Luks},
  title     = {Proceedings of the Thirty-Second Annual {ACM} Symposium on Theory
               of Computing, May 21-23, 2000, Portland, OR, {USA}},
  publisher = {{ACM}},
  year      = {2000},
  isbn      = {1-58113-184-4},
  timestamp = {Mon, 17 Oct 2011 15:55:10 +0200},
  biburl    = {https://dblp.org/rec/bib/conf/stoc/2000},
  bibsource = {dblp computer science bibliography, https://dblp.org}
}



@inproceedings{DBLP:conf/esa/ArikatiCCDSZ96,
  author    = {Srinivasa Rao Arikati and
               Danny Z. Chen and
               L. Paul Chew and
               Gautam Das and
               Michiel H. M. Smid and
               Christos D. Zaroliagis},
  title     = {Planar Spanners and Approximate Shortest Path Queries among Obstacles
               in the Plane},
  booktitle = {4th {ESA}},
  pages     = {514--528},
  year      = {1996},
}

@proceedings{DBLP:conf/esa/1996,
  editor    = {Josep D{\'{\i}}az and
               Maria J. Serna},
  title     = {Algorithms - {ESA} '96, Fourth Annual European Symposium, Barcelona,
               Spain, September 25-27, 1996, Proceedings},
  series    = {Lecture Notes in Computer Science},
  volume    = {1136},
  publisher = {Springer},
  year      = {1996},
  url       = {https://doi.org/10.1007/3-540-61680-2},
  doi       = {10.1007/3-540-61680-2},
  isbn      = {3-540-61680-2},
  timestamp = {Thu, 15 Jun 2017 21:39:13 +0200},
  biburl    = {https://dblp.org/rec/bib/conf/esa/1996},
  bibsource = {dblp computer science bibliography, https://dblp.org}
}



@inproceedings{DBLP:conf/wg/Djidjev96,
  author    = {Hristo Djidjev},
  title     = {On-Line Algorithms for Shortest Path Problems on Planar Digraphs},
  booktitle = {22nd {WG}},
  pages     = {151--165},
  year      = {1996},
  }

@proceedings{DBLP:conf/wg/1996,
  editor    = {Fabrizio d'Amore and
               Paolo Giulio Franciosa and
               Alberto Marchetti{-}Spaccamela},
  title     = {22nd {WG}},
  volume    = {1197},
  year      = {1997},
}



@inproceedings{Vordiam,
  author    = {Pawe\l{} Gawrychowski and
               Haim Kaplan and
               Shay Mozes and
               Micha Sharir and
               Oren Weimann},
  title     = {Voronoi Diagrams on Planar Graphs, and Computing the Diameter in Deterministic
               \emph{{\~{O}}}(\emph{n}\({}^{\mbox{5/3}}\)) Time},
  booktitle = {29th {SODA} },
  pages     = {495--514},
  year      = {2018},
}

@proceedings{DBLP:conf/soda/2018,
  editor    = {Artur Czumaj},
  title     = {29th {SODA}},
  year      = {2018},
}



@inproceedings{DBLP:conf/stoc/0001FL18,
  author    = {Jeff Erickson and
               Kyle Fox and
               Luvsandondov Lkhamsuren},
  title     = {Holiest minimum-cost paths and flows in surface graphs},
  booktitle = {50th {STOC}},
  pages     = {1319--1332},
  year      = {2018},
}

@proceedings{DBLP:conf/stoc/2018,
  editor    = {Ilias Diakonikolas and
               David Kempe and
               Monika Henzinger},
  title     = {50th {STOC}},
  year      = {2018},
 }



@article{DBLP:journals/siamcomp/Frederickson87,
  author    = {Greg N. Frederickson},
  title     = {Fast Algorithms for Shortest Paths in Planar Graphs, with Applications},
  journal   = {{SIAM} J. Comput.},
  volume    = {16},
  number    = {6},
  pages     = {1004--1022},
  year      = {1987},
  }

@inproceedings{DBLP:conf/stoc/Miller84,
  author    = {Gary L. Miller},
  title     = {Finding Small Simple Cycle Separators for 2-Connected Planar Graphs},
  booktitle = {16th  {STOC}},
  pages     = {376--382},
  year      = {1984},
}

@proceedings{DBLP:conf/stoc/STOC16,
  editor    = {Richard A. DeMillo},
  title     = {16th  {STOC}},
  year      = {1984},
}



@article{LTsep,
  author    = {Richard J. Lipton and
               Robert Endre Tarjan},
               title     = {A Separator Theorem for Planar Graphs},
  journal   = {SIAM J. Appl. Math.},
  volume    = {36},
  number    = {2},
  pages     = {177--189},
  year      = {1979},
  }

@inproceedings{DBLP:conf/focs/AbboudD16,
  author    = {Amir Abboud and
               S{\o}ren Dahlgaard},
  title     = {Popular Conjectures as a Barrier for Dynamic Planar Graph Algorithms},
  booktitle = {57th {FOCS}},
  pages     = {477--486},
  year      = {2016},
}

@proceedings{DBLP:conf/focs/2016,
  editor    = {Irit Dinur},
  title     = { 57th {FOCS}},
  year      = {2016},
}

@inproceedings{DBLP:conf/icalp/GawrychowskiK18,
  author    = {Pawe\l{} Gawrychowski and
               Adam Karczmarz},
  title     = {Improved Bounds for Shortest Paths in Dense Distance Graphs},
  booktitle = {45th {ICALP} },
  pages     = {61:1--61:15},
  year      = {2018},
  }

@proceedings{DBLP:conf/icalp/2018,
  editor    = {Ioannis Chatzigiannakis and
               Christos Kaklamanis and
               D{\'{a}}niel Marx and
               Donald Sannella},
  title     = {45th {ICALP} },
  volume    = {107},
  year      = {2018},
}

@inproceedings{DBLP:conf/stoc/ItalianoNSW11,
  author    = {Giuseppe F. Italiano and
               Yahav Nussbaum and
               Piotr Sankowski and
               Christian Wulff{-}Nilsen},
  title     = {Improved algorithms for min cut and max flow in undirected planar
               graphs},
  booktitle = {43rd {STOC}},
  pages     = {313--322},
  year      = {2011},
}

@proceedings{DBLP:conf/stoc/2011,
  editor    = {Lance Fortnow and
               Salil P. Vadhan},
  title     = {43rd {STOC}},
  year      = {2011},
}


@inproceedings{DBLP:conf/focs/Cohen-AddadDW17,
  author    = {Vincent Cohen{-}Addad and
               S{\o}ren Dahlgaard and
               Christian Wulff{-}Nilsen},
  title     = {Fast and Compact Exact Distance Oracle for Planar Graphs},
  booktitle = {58th  {FOCS}},
  pages     = {962--973},
  year      = {2017},
}

@proceedings{DBLP:conf/focs/2017,
  editor    = {Chris Umans},
  title     = {58th {FOCS}},
  year      = {2017},

}

@inproceedings{DBLP:conf/soda/Wulff-Nilsen10,
  author    = {Christian Wulff{-}Nilsen},
  title     = {Solving the Replacement Paths Problem for Planar Directed Graphs in
               ${O}(n \log n)$ Time},
  booktitle = {21st {SODA}},
  pages     = {756--765},
  year      = {2010},
}
@proceedings{DBLP:conf/soda/2010,
  editor    = {Moses Charikar},
  title     = {21st {SODA}},
  year      = {2010},
}


@article{DBLP:journals/talg/KleinMW10,
  author    = {Philip N. Klein and
               Shay Mozes and
               Oren Weimann},
  title     = {Shortest paths in directed planar graphs with negative lengths: {A}
               linear-space \emph{O}(\emph{n} log\({}^{\mbox{2}}\) \emph{n})-time
               algorithm},
  journal   = {{ACM} Trans. Algorithms},
  volume    = {6},
  number    = {2},
  pages     = {30:1--30:18},
  year      = {2010},
 }


@article{DBLP:journals/talg/EmekPR10,
  author    = {Yuval Emek and
               David Peleg and
               Liam Roditty},
  title     = {A near-linear-time algorithm for computing replacement paths in planar
               directed graphs},
  journal   = {{ACM} Trans. Algorithms},
  volume    = {6},
  number    = {4},
  pages     = {64:1--64:13},
  year      = {2010},
}


@article{DBLP:journals/talg/WeimannY13,
  author    = {Oren Weimann and
               Raphael Yuster},
  title     = {Replacement Paths and Distance Sensitivity Oracles via Fast Matrix
               Multiplication},
  journal   = {{ACM} Trans. Algorithms},
  volume    = {9},
  number    = {2},
  pages     = {14:1--14:13},
  year      = {2013},
}

@inproceedings{DBLP:conf/stoc/BernsteinK09,
  author    = {Aaron Bernstein and
               David R. Karger},
  title     = {A nearly optimal oracle for avoiding failed vertices and edges},
  booktitle = {41st  {STOC}},
  pages     = {101--110},
  year      = {2009},
}

@proceedings{DBLP:conf/stoc/2009,
  editor    = {Michael Mitzenmacher},
  title     = {Proceedings of the 41st Annual {ACM} Symposium on Theory of Computing,
               {STOC} 2009, Bethesda, MD, USA, May 31 - June 2, 2009},
  publisher = {{ACM}},
  year      = {2009},
  isbn      = {978-1-60558-506-2},
  timestamp = {Fri, 05 Jun 2009 09:31:27 +0200},
  biburl    = {https://dblp.org/rec/bib/conf/stoc/2009},
  bibsource = {dblp computer science bibliography, https://dblp.org}
}


@article{DBLP:journals/siamcomp/DemetrescuTCR08,
  author    = {Camil Demetrescu and
               Mikkel Thorup and
               Rezaul Alam Chowdhury and
               Vijaya Ramachandran},
  title     = {Oracles for Distances Avoiding a Failed Node or Link},
  journal   = {{SIAM} J. Comput.},
  volume    = {37},
  number    = {5},
  pages     = {1299--1318},
  year      = {2008},
}

@article{DBLP:journals/jcss/HenzingerKRS97,
  author    = {Monika Rauch Henzinger and
               Philip N. Klein and
               Satish Rao and
               Sairam Subramanian},
  title     = {Faster Shortest-Path Algorithms for Planar Graphs},
  journal   = {J. Comput. Syst. Sci.},
  volume    = {55},
  number    = {1},
  pages     = {3--23},
  year      = {1997},
  }
  

@proceedings{DBLP:conf/esa/2010-2,
  editor    = {Mark de Berg and
               Ulrich Meyer},
  title     = {Algorithms - {ESA} 2010, 18th Annual European Symposium, Liverpool,
               UK, September 6-8, 2010. Proceedings, Part {II}},
  series    = {Lecture Notes in Computer Science},
  volume    = {6347},
  publisher = {Springer},
  year      = {2010},
  url       = {https://doi.org/10.1007/978-3-642-15781-3},
  doi       = {10.1007/978-3-642-15781-3},
  isbn      = {978-3-642-15780-6},
  timestamp = {Tue, 25 Jul 2017 16:35:22 +0200},
  biburl    = {https://dblp.org/rec/bib/conf/esa/2010-2},
  bibsource = {dblp computer science bibliography, https://dblp.org}
}



@article{FR,
  author    = {Jittat Fakcharoenphol and
               Satish Rao},
  title     = {Planar graphs, negative weight edges, shortest paths, and near linear
               time},
  journal   = {J. Comput. Syst. Sci.},
  volume    = {72},
  number    = {5},
  pages     = {868--889},
  year      = {2006},
  }

@inproceedings{DBLP:conf/soda/BaswanaLM12,
  author    = {Surender Baswana and
               Utkarsh Lath and
               Anuradha S. Mehta},
  title     = {Single source distance oracle for planar digraphs avoiding a failed
               node or link},
  booktitle = {23rd {SODA}},
  pages     = {223--232},
  year      = {2012},
}

@proceedings{DBLP:conf/soda/2012,
  editor    = {Yuval Rabani},
  title     = {Proceedings of the Twenty-Third Annual {ACM-SIAM} Symposium on Discrete
               Algorithms, {SODA} 2012, Kyoto, Japan, January 17-19, 2012},
  publisher = {{SIAM}},
  year      = {2012},
  url       = {https://doi.org/10.1137/1.9781611973099},
  doi       = {10.1137/1.9781611973099},
  isbn      = {978-1-61197-210-8},
  timestamp = {Wed, 24 May 2017 08:31:21 +0200},
  biburl    = {https://dblp.org/rec/bib/conf/soda/2012},
  bibsource = {dblp computer science bibliography, https://dblp.org}
}

@inproceedings{DBLP:conf/soda/DuanP09a,
  author    = {Ran Duan and
               Seth Pettie},
  title     = {Dual-failure distance and connectivity oracles},
  booktitle = {20th {SODA}},
  pages     = {506--515},
  year      = {2009},
 }
 
@proceedings{DBLP:conf/soda/2009,
  editor    = {Claire Mathieu},
  title     = {Proceedings of the Twentieth Annual {ACM-SIAM} Symposium on Discrete
               Algorithms, {SODA} 2009, New York, NY, USA, January 4-6, 2009},
  publisher = {{SIAM}},
  year      = {2009},
  url       = {https://doi.org/10.1137/1.9781611973068},
  doi       = {10.1137/1.9781611973068},
  isbn      = {978-0-89871-680-1},
  timestamp = {Wed, 24 May 2017 08:31:21 +0200},
  biburl    = {https://dblp.org/rec/bib/conf/soda/2009},
  bibsource = {dblp computer science bibliography, https://dblp.org}
}

@inproceedings{MSSP,
  author    = {Philip N. Klein},
  title     = {Multiple-source shortest paths in planar graphs},
  booktitle = {16th {SODA} },
  pages     = {146--155},
  year      = {2005},
}

@proceedings{DBLP:conf/soda/2005,
  title     = {Proceedings of the Sixteenth Annual {ACM-SIAM} Symposium on Discrete
               Algorithms, {SODA} 2005, Vancouver, British Columbia, Canada, January
               23-25, 2005},
  publisher = {{SIAM}},
  year      = {2005},
  url       = {http://dl.acm.org/citation.cfm?id=1070432},
  isbn      = {0-89871-585-7},
  timestamp = {Fri, 07 Dec 2012 17:02:08 +0100},
  biburl    = {https://dblp.org/rec/bib/conf/soda/2005},
  bibsource = {dblp computer science bibliography, https://dblp.org}
}

@inproceedings{vorexact,
  author    = {Pawe\l{} Gawrychowski and
               Shay Mozes and
               Oren Weimann and
               Christian Wulff{-}Nilsen},
  title     = {Better Tradeoffs for Exact Distance Oracles in Planar Graphs},
  booktitle = {29th {SODA}},
  pages     = {515--529},
  year      = {2018},
}

@proceedings{DBLP:conf/soda/2018,
  editor    = {Artur Czumaj},
  title     = {Proceedings of the Twenty-Ninth Annual {ACM-SIAM} Symposium on Discrete
               Algorithms, {SODA} 2018, New Orleans, LA, USA, January 7-10, 2018},
  publisher = {{SIAM}},
  year      = {2018},
  url       = {https://doi.org/10.1137/1.9781611975031},
  doi       = {10.1137/1.9781611975031},
  isbn      = {978-1-61197-503-1},
  timestamp = {Thu, 04 Jan 2018 13:32:12 +0100},
  biburl    = {https://dblp.org/rec/bib/conf/soda/2018},
  bibsource = {dblp computer science bibliography, https://dblp.org}
}

@article{DBLP:journals/talg/KaplanMNS17,
  author    = {Haim Kaplan and
               Shay Mozes and
               Yahav Nussbaum and
               Micha Sharir},
  title     = {Submatrix Maximum Queries in Monge Matrices and Partial Monge Matrices,
               and Their Applications},
  journal   = {{ACM} Trans. Algorithms},
  volume    = {13},
  number    = {2},
  pages     = {26:1--26:42},
  year      = {2017},
 }

@inproceedings{DBLP:conf/esa/MozesW10,
  author    = {Shay Mozes and
               Christian Wulff{-}Nilsen},
  title     = {Shortest Paths in Planar Graphs with Real Lengths in \emph{O}(\emph{n}log\({}^{\mbox{2}}\)\emph{n}/loglog\emph{n})
               Time},
  booktitle = {18th  {ESA} },
  pages     = {206--217},
  year      = {2010},
}

@proceedings{DBLP:conf/esa/2010-2,
  editor    = {Mark de Berg and
               Ulrich Meyer},
  title     = {Algorithms - {ESA} 2010, 18th Annual European Symposium, Liverpool,
               UK, September 6-8, 2010. Proceedings, Part {II}},
  series    = {Lecture Notes in Computer Science},
  volume    = {6347},
  publisher = {Springer},
  year      = {2010},
  url       = {https://doi.org/10.1007/978-3-642-15781-3},
  doi       = {10.1007/978-3-642-15781-3},
  isbn      = {978-3-642-15780-6},
  timestamp = {Tue, 25 Jul 2017 16:35:22 +0200},
  biburl    = {https://dblp.org/rec/bib/conf/esa/2010-2},
  bibsource = {dblp computer science bibliography, https://dblp.org}
}

@article{DBLP:journals/talg/KaplanMNS17,
  author    = {Haim Kaplan and
               Shay Mozes and
               Yahav Nussbaum and
               Micha Sharir},
  title     = {Submatrix Maximum Queries in Monge Matrices and Partial Monge Matrices,
               and Their Applications},
  journal   = {{ACM} Trans. Algorithms},
  volume    = {13},
  number    = {2},
  pages     = {26:1--26:42},
  year      = {2017},
  }

@book{monge1781memoire,
  author = {Monge, Gaspard},
  biburl = {https://www.bibsonomy.org/bibtex/27501e977c23a6c608ed3d4cfc61f7141/becker},
  description = {Mentioned by Filippo Simini, Marta C. González, Amos Maritan, and Albert-László Barabási in "A universal model for mobility and migration patterns" to mention the gravity model.},
   publisher = {De l'Imprimerie Royale},
  title = {M{\'e}moire sur la th{\'e}orie des d{\'e}blais et des remblais},
  year = 1781,
}

@inproceedings{DBLP:conf/stoc/KleinMS13,
  author    = {Philip N. Klein and
               Shay Mozes and
               Christian Sommer},
  title     = {Structured recursive separator decompositions for planar graphs in
               linear time},
  booktitle = {45th {STOC}},
  pages     = {505--514},
  year      = {2013},
}

@proceedings{DBLP:conf/stoc/2013,
  editor    = {Dan Boneh and
               Tim Roughgarden and
               Joan Feigenbaum},
  title     = {Symposium on Theory of Computing Conference, STOC'13, Palo Alto, CA,
               USA, June 1-4, 2013},
  publisher = {{ACM}},
  year      = {2013},
  url       = {http://dl.acm.org/citation.cfm?id=2488608},
  isbn      = {978-1-4503-2029-0},
  timestamp = {Sun, 26 May 2013 10:30:47 +0200},
  biburl    = {https://dblp.org/rec/bib/conf/stoc/2013},
  bibsource = {dblp computer science bibliography, https://dblp.org}
}

@inproceedings{DBLP:conf/latin/BenderF00,
  author    = {Michael A. Bender and
               Martin Farach{-}Colton},
  title     = {The {LCA} Problem Revisited},
  booktitle = {4th {LATIN}},
  pages     = {88--94},
  year      = {2000},
}

@proceedings{DBLP:conf/latin/2000,
  editor    = {Gaston H. Gonnet and
               Daniel Panario and
               Alfredo Viola},
  title     = {{LATIN} 2000: Theoretical Informatics, 4th Latin American Symposium,
               Punta del Este, Uruguay, April 10-14, 2000, Proceedings},
  series    = {Lecture Notes in Computer Science},
  volume    = {1776},
  publisher = {Springer},
  year      = {2000},
  url       = {https://doi.org/10.1007/10719839},
  doi       = {10.1007/10719839},
  isbn      = {3-540-67306-7},
  timestamp = {Wed, 24 May 2017 15:40:44 +0200},
  biburl    = {https://dblp.org/rec/bib/conf/latin/2000},
  bibsource = {dblp computer science bibliography, https://dblp.org}
}

@inproceedings{DBLP:conf/stoc/AbrahamCG12,
  author    = {Ittai Abraham and
               Shiri Chechik and
               Cyril Gavoille},
  title     = {Fully dynamic approximate distance oracles for planar graphs via forbidden-set
               distance labels},
  booktitle = {44th {STOC}},
  pages     = {1199--1218},
  year      = {2012},
}

@proceedings{DBLP:conf/stoc/2012,
  editor    = {Howard J. Karloff and
               Toniann Pitassi},
  title     = {Proceedings of the 44th Symposium on Theory of Computing Conference,
               {STOC} 2012, New York, NY, USA, May 19 - 22, 2012},
  publisher = {{ACM}},
  year      = {2012},
  url       = {http://dl.acm.org/citation.cfm?id=2213977},
  isbn      = {978-1-4503-1245-5},
  timestamp = {Tue, 22 May 2012 21:36:43 +0200},
  biburl    = {https://dblp.org/rec/bib/conf/stoc/2012},
  bibsource = {dblp computer science bibliography, https://dblp.org}
}

@article{DBLP:journals/siamcomp/CabelloCE13,
  author    = {Sergio Cabello and
               Erin W. Chambers and
               Jeff Erickson},
  title     = {Multiple-Source Shortest Paths in Embedded Graphs},
  journal   = {{SIAM} J. Comput.},
  volume    = {42},
  number    = {4},
  pages     = {1542--1571},
  year      = {2013},
}

@article{DBLP:journals/siamcomp/Eppstein98,
  author    = {David Eppstein},
  title     = {Finding the k Shortest Paths},
  journal   = {{SIAM} J. Comput.},
  volume    = {28},
  number    = {2},
  pages     = {652--673},
  year      = {1998},
 }

@article{DBLP:journals/tcs/BenderF04,
  author    = {Michael A. Bender and
               Martin Farach{-}Colton},
  title     = {The Level Ancestor Problem simplified},
  journal   = {Theor. Comput. Sci.},
  volume    = {321},
  number    = {1},
  pages     = {5--12},
  year      = {2004},
}


@article{DBLP:journals/csur/Sommer14,
  author    = {Christian Sommer},
  title     = {Shortest-path queries in static networks},
  journal   = {{ACM} Comput. Surv.},
  volume    = {46},
  number    = {4},
  pages     = {45:1--45:31},
  year      = {2014},
 }


@article{Thorup04,
  title={Compact oracles for reachability and approximate distances in planar digraphs},
  author={Thorup, Mikkel},
  journal={Journal of the ACM},
  volume={51},
  number={6},
  pages={993--1024},
  year={2004},
}


@inproceedings{Klein2002,
	Author = {Philip N. Klein},
	Booktitle = {12th {SODA}},
	Pages = {820-827},
	Title = {Preprocessing an Undirected Planar Network to Enable Fast approximate distance queries},
	Year = {2002}}
	
@inproceedings{KawarabayashiST13,
  author    = {Ken{-}ichi Kawarabayashi and
               Christian Sommer and
               Mikkel Thorup},
  title     = {More Compact Oracles for Approximate Distances in Undirected Planar
               Graphs},
  booktitle = {23rd {SODA}},
  pages     = {550--563},
  year      = {2013},
}

@inproceedings{SommerICALP11,
	Author = {Ken-ichi Kawarabayashi and Philip N. Klein and Christian Sommer},
	Booktitle = {37th {ICALP}},
	Pages = {135-146},
	Title = {Linear-Space Approximate Distance Oracles for Planar, Bounded-Genus and Minor-Free Graphs},
	Year = {2011}}


@inproceedings{Wulff-Nilsen16,
  author    = {Christian Wulff{-}Nilsen},
  title     = {Approximate Distance Oracles for Planar Graphs with Improved Query
               Time-Space Tradeoff},
  booktitle = {26th {SODA}},
  pages     = {351--362},
  year      = {2016},
}


@inproceedings{DBLP:conf/wads/Nussbaum11,
  author    = {Yahav Nussbaum},
  title     = {Improved Distance Queries in Planar Graphs},
  booktitle = {12th {WADS}},
  pages     = {642--653},
  year      = {2011},
 }

@inproceedings{DBLP:conf/soda/Cabello17,
  author    = {Sergio Cabello},
  title     = {Subquadratic Algorithms for the Diameter and the Sum of Pairwise Distances
               in Planar Graphs},
  booktitle = {28th {SODA}},
  pages     = {2143--2152},
  year      = {2017},
}


@article{DBLP:journals/jacm/ThorupZ05,
  author    = {Mikkel Thorup and
               Uri Zwick},
  title     = {Approximate distance oracles},
  journal   = {J. {ACM}},
  volume    = {52},
  number    = {1},
  pages     = {1--24},
  year      = {2005},
}

@article{DBLP:journals/siamcomp/PatrascuR14,
  author    = {Mihai Patrascu and
               Liam Roditty},
  title     = {Distance Oracles beyond the Thorup-Zwick Bound},
  journal   = {{SIAM} J. Comput.},
  volume    = {43},
  number    = {1},
  pages     = {300--311},
  year      = {2014},
}

@inproceedings{DBLP:conf/esa/ChanS17,
  author    = {Timothy M. Chan and
               Dimitrios Skrepetos},
  title     = {Faster Approximate Diameter and Distance Oracles in Planar Graphs},
  booktitle = {25th {ESA} },
  pages     = {25:1--25:13},
  year      = {2017},
 }

@inproceedings{DBLP:conf/isaac/GuX15,
  author    = {Qian{-}Ping Gu and
               Gengchun Xu},
  title     = {Constant Query Time (1+{\textbackslash}epsilon {)} -Approximate Distance
               Oracle for Planar Graphs},
  booktitle = {26th {ISAAC}},
  pages     = {625--636},
  year      = {2015},
}

@inproceedings{DBLP:conf/focs/BorradaileSW10,
  author    = {Glencora Borradaile and
               Piotr Sankowski and
               Christian Wulff{-}Nilsen},
  title     = {Min st-cut Oracle for Planar Graphs with Near-Linear Preprocessing
               Time},
  booktitle = {51th {FOCS}},
  pages     = {601--610},
  year      = {2010},
}


@inproceedings{Erdos,
  author    = {Paul Erd\H{o}s},
  title     = {Extremal problems in graph theory},
  booktitle = {Proc. Symp. Theory of Graphs and its Applications},
  pages     = {29--36},
  year      = {1963}
  }


@inproceedings{faultyOracle,
  author    = {	Panagiotis Charalampopoulos and Shay Mozes and Benjamin Tebeka},
  title     = {Exact Distance Oracles for Planar Graphs with Failing Vertices},
  booktitle = {30th {SODA}},
  note     = {To appear.},
  year      = {2019},
 }
 
 @inproceedings{DBLP:conf/soda/MozesNNW18,
  author    = {Shay Mozes and
               Kirill Nikolaev and
               Yahav Nussbaum and
               Oren Weimann},
  title     = {Minimum Cut of Directed Planar Graphs in \emph{O}(\emph{n}loglog\emph{n}) Time},
  booktitle = {29th  {SODA} },
  pages     = {477--494},
  year      = {2018},
}

@inproceedings{DBLP:conf/esa/LackiS11,
  author    = {Jakub Lacki and
               Piotr Sankowski},
  title     = {Min-Cuts and Shortest Cycles in Planar Graphs in O(n loglogn) Time},
  booktitle = {19th {ESA}},
  pages     = {155--166},
  year      = {2011},
}

@misc{PlanarBook,
  title = {Optimization Algorithms for Planar Graphs},
  author = {Philip N. Klein and Shay Mozes},
  howpublished = {\url{http://planarity.org}},
  note = {Book draft},
}

@article{DBLP:journals/networks/Erwig00,
  author    = {Martin Erwig},
  title     = {The graph Voronoi diagram with applications},
  journal   = {Networks},
  volume    = {36},
  number    = {3},
  pages     = {156--163},
  year      = {2000},
}

@article{DBLP:journals/ipl/Mehlhorn88,
  author    = {Kurt Mehlhorn},
  title     = {A Faster Approximation Algorithm for the Steiner Problem in Graphs},
  journal   = {Inf. Process. Lett.},
  volume    = {27},
  number    = {3},
  pages     = {125--128},
  year      = {1988},
}

@article{Aurenhammer,
 author = {Aurenhammer, Franz},
 title = {Voronoi Diagrams: a Survey of a Fundamental Geometric Data Structure},
 journal = {ACM Comput. Surv.},
 volume = {23},
 number = {3},
 year = {1991},
 pages = {345--405},
 } 

@book{BergCKO08,
  author    = {Mark de Berg and
               Otfried Cheong and
               Marc J. van Kreveld and
               Mark H. Overmars},
  title     = {Computational geometry: algorithms and applications, 3rd Edition},
  publisher = {Springer},
  year      = {2008},
  url       = {http://www.worldcat.org/oclc/227584184},
  isbn      = {9783540779735},
  timestamp = {Thu, 27 Apr 2017 09:56:01 +0200},
  biburl    = {https://dblp.org/rec/bib/books/lib/BergCKO08},
  bibsource = {dblp computer science bibliography, https://dblp.org}
}

@article{DBLP:journals/gis/OkabeSFSO08,
  author    = {Atsuyuki Okabe and
               Toshiaki Satoh and
               Takehiro Furuta and
               Atsuo Suzuki and
               K. Okano},
  title     = {Generalized network Voronoi diagrams: Concepts, computational methods,
               and applications},
  journal   = {International Journal of Geographical Information Science},
  volume    = {22},
  number    = {9},
  pages     = {965--994},
  year      = {2008},
  }

@inproceedings{DBLP:conf/dasfaa/DemiryurekS12,
  author    = {Ugur Demiryurek and
               Cyrus Shahabi},
  title     = {Indexing Network Voronoi Diagrams},
  booktitle = {17th {DASFAA}},
  pages     = {526--543},
  year      = {2012},
}

@inproceedings{DBLP:conf/gis/EppsteinG08,
  author    = {David Eppstein and
               Michael T. Goodrich},
  title     = {Studying (non-planar) road networks through an algorithmic lens},
  booktitle = {16th {ACM-GIS} },
  pages     = {16},
  year      = {2008},
}

@article{DBLP:journals/tcos/HonidenHSW10,
  author    = {Shinichi Honiden and
               Michael E. Houle and
               Christian Sommer and
               Martin Wolff},
  title     = {Approximate Shortest Path Queries Using Voronoi Duals},
  journal   = {Trans. Computational Science},
  volume    = {9},
  pages     = {28--53},
  year      = {2010},
  }
